

@inproceedings{argeberghaverkortyi04,
	author = {Arge, Lars and de Berg, Mark and Haverkort, Herman J. and Yi, Ke},
	title = {The Priority {R}-tree: a practically efficient and worst-case optimal {R}-tree},
	booktitle = {Proceedings of the 2004 ACM SIGMOD international conference on Management of data},
	series = {SIGMOD '04},
	year = {2004},
	isbn = {1-58113-859-8},
	location = {Paris, France},
	pages = {347--358},
	numpages = {12},
	url = {http://doi.acm.org/10.1145/1007568.1007608},
	doi = {10.1145/1007568.1007608},
	acmid = {1007608},
	publisher = {ACM},
	address = {New York, NY, USA},
} 




@inproceedings{beckmannkriegelschneiderseeger90,
	author = {Beckmann, Norbert and Kriegel, Hans-Peter and Schneider, Ralf and Seeger, Bernhard},
	title = {The R*-tree: an efficient and robust access method for points and rectangles},
	booktitle = {Proceedings of the 1990 ACM SIGMOD international conference on Management of data},
	series = {SIGMOD},
	year = {1990},
	isbn = {0-89791-365-5},
	location = {Atlantic City, New Jersey, USA},
	pages = {322--331},
	numpages = {10},
	url = {http://doi.acm.org/10.1145/93597.98741},
	doi = {10.1145/93597.98741},
	acmid = {98741},
	publisher = {ACM},
	address = {New York, NY, USA},
} 



@inproceedings{DBLP:conf/vldb/BerchtoldKK96,
	author    = {Stefan Berchtold and
		Daniel A. Keim and
			Hans-Peter Kriegel},
	title     = {The X-tree : An Index Structure for High-Dimensional Data},
	booktitle = {VLDB},
	year      = {1996},
	pages     = {28-39},
	ee        = {http://www.vldb.org/conf/1996/P028.PDF},
	crossref  = {DBLP:conf/vldb/96},
	bibsource = {DBLP, http://dblp.uni-trier.de}
}
@proceedings{DBLP:conf/vldb/96,
	editor    = {T. M. Vijayaraman and
		Alejandro P. Buchmann and
			C. Mohan and
			Nandlal L. Sarda},
	title     = {VLDB'96, Proceedings of 22th International Conference on
		Very Large Data Bases, September 3-6, 1996, Mumbai (Bombay),
		India},
	publisher = {Morgan Kaufmann},
	year      = {1996},
	isbn      = {1-55860-382-4},
	bibsource = {DBLP, http://dblp.uni-trier.de}
}







@inproceedings{DBLP:conf/vldb/BiveinisSJ07,
	author    = {Laurynas Biveinis and
		Simonas Saltenis and
			Christian S. Jensen},
	title     = {Main-Memory Operation Buffering for Efficient R-Tree Update},
	booktitle = {VLDB},
	year      = {2007},
	pages     = {591-602},
	ee        = {http://www.vldb.org/conf/2007/papers/research/p591-biveinis.pdf},
	crossref  = {DBLP:conf/vldb/2007},
	bibsource = {DBLP, http://dblp.uni-trier.de}
}
@proceedings{DBLP:conf/vldb/2007,
	editor    = {Christoph Koch and
		Johannes Gehrke and
			Minos N. Garofalakis and
			Divesh Srivastava and
			Karl Aberer and
			Anand Deshpande and
			Daniela Florescu and
			Chee Yong Chan and
			Venkatesh Ganti and
			Carl-Christian Kanne and
			Wolfgang Klas and
			Erich J. Neuhold},
	title     = {Proceedings of the 33rd International Conference on Very
		Large Data Bases, University of Vienna, Austria, September
			23-27, 2007},
	booktitle = {VLDB},
	publisher = {ACM},
	year      = {2007},
	isbn      = {978-1-59593-649-3},
	bibsource = {DBLP, http://dblp.uni-trier.de}
}







@inproceedings{brinkhoffkriegelseeger93,
	author = {Brinkhoff, Thomas and Kriegel, Hans-Peter and Seeger, Bernhard},
	title = {Efficient processing of spatial joins using R-trees},
	booktitle = {Proceedings of the 1993 ACM SIGMOD international conference on Management of data},
	series = {SIGMOD '93},
	year = {1993},
	isbn = {0-89791-592-5},
	location = {Washington, D.C., USA},
	pages = {237--246},
	numpages = {10},
	url = {http://doi.acm.org/10.1145/170035.170075},
	doi = {10.1145/170035.170075},
	acmid = {170075},
	publisher = {ACM},
	address = {New York, NY, USA},
} 
@article{Brinkhoff:1993:EPS:170036.170075,
	author = {Brinkhoff, Thomas and Kriegel, Hans-Peter and Seeger, Bernhard},
	title = {Efficient processing of spatial joins using R-trees},
	journal = {SIGMOD Rec.},
	issue_date = {June 1, 1993},
	volume = {22},
	number = {2},
	month = jun,
	year = {1993},
	issn = {0163-5808},
	pages = {237--246},
	numpages = {10},
	url = {http://doi.acm.org/10.1145/170036.170075},
	doi = {10.1145/170036.170075},
	acmid = {170075},
	publisher = {ACM},
	address = {New York, NY, USA},
} 




@article{guttman84,
	author = {Guttman, Antonin},
	title = {R-trees: a dynamic index structure for spatial searching},
	journal = {SIGMOD Rec.},
	issue_date = {June 1984},
	volume = {14},
	number = {2},
	month = jun,
	year = {1984},
	issn = {0163-5808},
	pages = {47--57},
	numpages = {11},
	url = {http://doi.acm.org/10.1145/971697.602266},
	doi = {10.1145/971697.602266},
	acmid = {602266},
	publisher = {ACM},
	address = {New York, NY, USA},
} 
@inproceedings{Guttman:1984:RDI:602259.602266,
	author = {Guttman, Antonin},
	title = {R-trees: a dynamic index structure for spatial searching},
	booktitle = {Proceedings of the 1984 ACM SIGMOD international conference on Management of data},
	series = {SIGMOD '84},
	year = {1984},
	isbn = {0-89791-128-8},
	location = {Boston, Massachusetts},
	pages = {47--57},
	numpages = {11},
	url = {http://doi.acm.org/10.1145/602259.602266},
	doi = {10.1145/602259.602266},
	acmid = {602266},
	publisher = {ACM},
	address = {New York, NY, USA},
} 



@inproceedings{DBLP:conf/ssd/HwangKCL03,
	author    = {Sangyong Hwang and
		Keunjoo Kwon and
			Sang Kyun Cha and
			Byung Suk Lee},
	title     = {Performance Evaluation of Main-Memory R-tree Variants},
	booktitle = {SSTD},
	year      = {2003},
	pages     = {10-27},
	ee        = {http://dx.doi.org/10.1007/978-3-540-45072-6_2},
	crossref  = {DBLP:conf/ssd/2003},
	bibsource = {DBLP, http://dblp.uni-trier.de}
}
@proceedings{DBLP:conf/ssd/2003,
	editor    = {Thanasis Hadzilacos and
		Yannis Manolopoulos and
			John F. Roddick and
			Yannis Theodoridis},
	title     = {Advances in Spatial and Temporal Databases, 8th International
		Symposium, SSTD 2003, Santorini Island, Greece, July 24-27,
		2003, Proceedings},
	booktitle = {SSTD},
	publisher = {Springer},
	series    = {Lecture Notes in Computer Science},
	volume    = {2750},
	year      = {2003},
	isbn      = {3-540-40535-6},
	bibsource = {DBLP, http://dblp.uni-trier.de}
}




@inproceedings{Kamel:1993:PR:170088.170403,
	author = {Kamel, Ibrahim and Faloutsos, Christos},
	title = {On packing R-trees},
	booktitle = {Proceedings of the second international conference on Information and knowledge management},
	series = {CIKM '93},
	year = {1993},
	isbn = {0-89791-626-3},
	location = {Washington, D.C., USA},
	pages = {490--499},
	numpages = {10},
	url = {http://doi.acm.org/10.1145/170088.170403},
	doi = {10.1145/170088.170403},
	acmid = {170403},
	publisher = {ACM},
	address = {New York, NY, USA},
} 




@inproceedings{nascimentosilva98,
	author = {Nascimento, Mario A. and Silva, Jefferson R. O.},
	title = {Towards historical R-trees},
	booktitle = {Proceedings of the 1998 ACM symposium on Applied Computing},
	series = {SAC '98},
	year = {1998},
	isbn = {0-89791-969-6},
	location = {Atlanta, Georgia, USA},
	pages = {235--240},
	numpages = {6},
	url = {http://doi.acm.org/10.1145/330560.330692},
	doi = {10.1145/330560.330692},
	acmid = {330692},
	publisher = {ACM},
	address = {New York, NY, USA},
} 




@inproceedings{DBLP:conf/vldb/SellisRF87,
	author    = {Timos K. Sellis and
		Nick Roussopoulos and
			Christos Faloutsos},
	title     = {The R+-Tree: A Dynamic Index for Multi-Dimensional Objects},
	booktitle = {VLDB},
	year      = {1987},
	pages     = {507-518},
	ee        = {http://www.vldb.org/conf/1987/P507.PDF},
	crossref  = {DBLP:conf/vldb/87},
	bibsource = {DBLP, http://dblp.uni-trier.de}
}
@proceedings{DBLP:conf/vldb/87,
	editor    = {Peter M. Stocker and
		William Kent and
			Peter Hammersley},
	title     = {VLDB'87, Proceedings of 13th International Conference on
		Very Large Data Bases, September 1-4, 1987, Brighton, England},
	publisher = {Morgan Kaufmann},
	year      = {1987},
	isbn      = {0-934613-46-X},
	bibsource = {DBLP, http://dblp.uni-trier.de}
}



@incollection{samet95,
	author    = {Hanan Samet},
	title     = {Spatial Data Structures},
	booktitle = {Modern Database Systems},
	year      = {1995},
	pages     = {361-385},
	crossref  = {DBLP:books/acm/Kim95},
	bibsource = {DBLP, http://dblp.uni-trier.de}
}
@book{DBLP:books/acm/Kim95,
	editor    = {Won Kim},
	title     = {Modern Database Systems: The Object Model, Interoperability,
		and Beyond},
	booktitle = {Modern Database Systems},
	publisher = {ACM Press and Addison-Wesley},
	year      = {1995},
	isbn      = {0-201-59098-0},
	bibsource = {DBLP, http://dblp.uni-trier.de}
}


@article{roussopouloskelleyvincent95,
	author = {Roussopoulos, Nick and Kelley, Stephen and Vincent, Fr{\'e}d{\'e}ric},
	title = {Nearest neighbor queries},
	journal = {SIGMOD Rec.},
	issue_date = {May 1995},
	volume = {24},
	number = {2},
	month = may,
	year = {1995},
	issn = {0163-5808},
	pages = {71--79},
	numpages = {9},
	url = {http://doi.acm.org/10.1145/568271.223794},
	doi = {10.1145/568271.223794},
	acmid = {223794},
	publisher = {ACM},
	address = {New York, NY, USA},
} 

@article{gaedegunther98,
	author = {Gaede, Volker and G\"{u}nther, Oliver},
	title = {Multidimensional access methods},
	journal = {ACM Comput. Surv.},
	issue_date = {June 1998},
	volume = {30},
	number = {2},
	month = jun,
	year = {1998},
	issn = {0360-0300},
	pages = {170--231},
	numpages = {62},
	url = {http://doi.acm.org/10.1145/280277.280279},
	doi = {10.1145/280277.280279},
	acmid = {280279},
	publisher = {ACM},
	address = {New York, NY, USA},
	keywords = {data structures, multidimensional access methods},
}


@inproceedings{garcialopezleutenegger98,
	author = {Garc\'{\i}a, Yv\'{a}n J. and Lopez, Mario A. and Leutenegger, Scott T.},
	title = {On Optimal Node Splitting for R-trees},
	booktitle = {Proceedings of the 24rd International Conference on Very Large Data Bases},
	series = {VLDB '98},
	year = {1998},
	isbn = {1-55860-566-5},
	pages = {334--344},
	numpages = {11},
	url = {http://dl.acm.org/citation.cfm?id=645924.671188},
	acmid = {671188},
	publisher = {Morgan Kaufmann Publishers Inc.},
	address = {San Francisco, CA, USA},
} 

@inproceedings{gavrila94,
	author = {Gavrila, D. M.},
	title = {R-Tree Index Optimization},
	booktitle = {Advances in {GIS} Research},
	year = {1994},
	editor = {T. Waugh and R. Healey},
	publisher = {Taylor and Francis},
}
@ARTICLE{theodoridisstefanakissellis00, 
	author={Theodoridis, Y. and Stefanakis, E. and Sellis, T.}, 
	journal={Knowledge and Data Engineering, IEEE Transactions on},
	title={Efficient cost models for spatial queries using R-trees}, 
	year={2000}, 
	volume={12}, 
	month=jan,
	number={1}, 
	pages={19-32}, 
	keywords={query processing;relational algebra;spatial data structures;tree data structures;visual databases;R-trees;cost models;database management systems;experimental results;join queries;nonuniform data distributions;query optimization;selection queries;spatial databases;spatial query processing;uniform data distributions;Analytical models;Cost function;Data structures;Design automation;Geographic Information Systems;Image databases;Multidimensional systems;Multimedia databases;Query processing;Spatial databases}, 
	doi={10.1109/69.842247}, 
	ISSN={1041-4347},
}


@article{papadiastaofuseeger05,
	author = {Papadias, Dimitris and Tao, Yufei and Fu, Greg and Seeger, Bernhard},
	title = {Progressive skyline computation in database systems},
	journal = {ACM Trans. Database Syst.},
	issue_date = {March 2005},
	volume = {30},
	number = {1},
	month = mar,
	year = {2005},
	issn = {0362-5915},
	pages = {41--82},
	numpages = {42},
	url = {http://doi.acm.org/10.1145/1061318.1061320},
	doi = {10.1145/1061318.1061320},
	acmid = {1061320},
	publisher = {ACM},
	address = {New York, NY, USA},
	keywords = {Skyline query, branch-and-bound algorithms, multidimensional access methods},
} 


@ARTICLE{leeleeleong10, 
	author={Lee, K.C.K. and Wang-Chien Lee and Leong, H.V.}, 
	journal={Knowledge and Data Engineering, IEEE Transactions on},
	title={Nearest Surrounder Queries}, 
	year={2010}, 
	month=oct,
	volume={22}, 
	number={10}, 
	pages={1444-1458}, 
	keywords={query processing;trees (mathematics);NS query;R-tree algorithm;angle based bound polygon property;angle constrained NS query;distance based bound polygon property;multitier NS query;nearest polygon shaped spatial object;nearest surrounder query;ripple algorithm;spatial query;sweep algorithm;Computer Society;Decision making;Information systems;Nearest neighbor searches;Neural networks;Query processing;Safety;Shape;R-tree;Spatial query processing;algorithms.;nearest surrounder queries}, 
	doi={10.1109/TKDE.2009.172}, 
	ISSN={1041-4347},
}

@inproceedings{achakeevseeger12,
	author = {Achakeev, Daniar and Seeger, Bernhard},
	title = {A class of R-tree histograms for spatial databases},
	booktitle = {Proceedings of the 20th International Conference on Advances in Geographic Information Systems},
	series = {SIGSPATIAL '12},
	year = {2012},
	isbn = {978-1-4503-1691-0},
	location = {Redondo Beach, California},
	pages = {450--453},
	numpages = {4},
	url = {http://doi.acm.org/10.1145/2424321.2424387},
	doi = {10.1145/2424321.2424387},
	acmid = {2424387},
	publisher = {ACM},
	address = {New York, NY, USA},
	keywords = {R-tree, histograms, spatial query selectivity estimation},
}

@inproceedings{kornackerbanks95,
	title={High-concurrency locking in R-trees},
	author={Kornacker, Marcel and Banks, Douglas},
	booktitle={PROCEEDINGS OF THE INTERNATIONAL CONFERENCE ON VERY LARGE DATA BASES},
	pages={134--145},
	year={1995},
	organization={INSTITUTE OF ELECTRICAL \& ELECTRONICS ENGINEERS (IEEE)}
}

@article{yi12,
	 author = {Yi, Ke},
	  title = {The priority R-tree},
	   journal = {SIGSPATIAL Special},
	    issue_date = {July 2012},
	     volume = {4},
	      number = {2},
	       month = jul,
	        year = {2012},
		 issn = {1946-7729},
		  pages = {8--12},
		   numpages = {5},
		    url = {http://doi.acm.org/10.1145/2367574.2367576},
		     doi = {10.1145/2367574.2367576},
		      acmid = {2367576},
		       publisher = {ACM},
		        address = {New York, NY, USA},
}
